% Encoding: UTF-8

% nearest neighbor link : https://en.wikipedia.org/wiki/K-d_tree

% source 1 : https://www.khoury.northeastern.edu/home/rplatt/cs5335_fall2016/slides/point_clouds.pdf
% source for eigen value and vectors , covariance matrix : https://www.graphics.rwth-aachen.de/media/papers/p_Pau021.pdf
% eigen values table 1 source todo : https://www.isprs.org/proceedings/XXXVIII/1_4_7-W5/paper/Jutzi-199.pdf

@online{nmvccs,
    author = {U.S. Department of Transport},
    title = {National Motor Vehicle Crash Causation Survey},
    year = {2008},
    url = {https://crashstats.nhtsa.dot.gov/Api/Public/ViewPublication/811059},
    note = {[accessed 23 February 2024]}
}

@online{robotaxis,
    author = {Zeyi Yang},
    title = {What’s next for robotaxis in 2024},
    year = {2024},
    url = {https://www.technologyreview.com/2024/01/23/1086936/whats-next-for-robotaxis-2024/},
    note = {[accessed 23 February 2024]}
}

@misc{qi2017pointnet,
      title={PointNet: Deep Learning on Point Sets for 3D Classification and Segmentation}, 
      author={Charles R. Qi and Hao Su and Kaichun Mo and Leonidas J. Guibas},
      year={2017},
      eprint={1612.00593},
      archivePrefix={arXiv},
      primaryClass={cs.CV}
}


@online{tesla_vs_lexus,
    author = {Jarryd Neves},
    title = {Official: Pedestrian Detection Is Useless In The Dark},
    year = {2022},
    url = {https://carbuzz.com/news/official-pedestrian-detection-is-useless-in-the-dark},
    note = {[accessed 18 February 2024]}
}

@article{open3d,
   author  = {{Qian-Yi Zhou and Jaesik Park and Vladlen Koltun}},
   title   = {{Open3D}: {A} Modern Library for {3D} Data Processing},
   journal = {arXiv:1801.09847},
   year    = {2018},
}


@online{sem_kitti_total_points_ratio,
    author = {J. Behley and M. Garbade and A. Milioto and J. Quenzel and S. Behnke and C. Stachniss and J. Gall and others},
    title = {API for SemanticKITTI},
    year = {2019},
    url = {https://github.com/PRBonn/semantic-kitti-api/blob/master/config/semantic-kitti-all.yaml},
    note = {[accessed 01 January 2024]}
}


@misc{guo2020deep,
      title={Deep Learning for 3D Point Clouds: A Survey}, 
      author={Yulan Guo and Hanyun Wang and Qingyong Hu and Hao Liu and Li Liu and Mohammed Bennamoun},
      year={2020},
      eprint={1912.12033},
      archivePrefix={arXiv},
      primaryClass={cs.CV}
}

@article{darpa_2020,
   title={Lidar for Autonomous Driving: The Principles, Challenges, and Trends for Automotive Lidar and Perception Systems},
   volume={37},
   ISSN={1558-0792},
   url={http://dx.doi.org/10.1109/MSP.2020.2973615},
   DOI={10.1109/msp.2020.2973615},
   number={4},
   journal={IEEE Signal Processing Magazine},
   publisher={Institute of Electrical and Electronics Engineers (IEEE)},
   author={Li, You and Ibanez-Guzman, Javier},
   year={2020},
   month=jul, pages={50–61} }

@article{Yurtsever_2020,
   title={{A Survey of Autonomous Driving: Common Practices and Emerging Technologies}},
   volume={8},
   ISSN={2169-3536},
   url={http://dx.doi.org/10.1109/ACCESS.2020.2983149},
   DOI={10.1109/access.2020.2983149},
   journal={IEEE Access},
   publisher={Institute of Electrical and Electronics Engineers (IEEE)},
   author={Yurtsever, Ekim and Lambert, Jacob and Carballo, Alexander and Takeda, Kazuya},
   year={2020},
   pages={58443–58469} }

@misc{johnsonroberson2017driving,
      title={{Driving in the Matrix: Can Virtual Worlds Replace Human-Generated Annotations for Real World Tasks?}}, 
      author={Matthew Johnson-Roberson and Charles Barto and Rounak Mehta and Sharath Nittur Sridhar and Karl Rosaen and Ram Vasudevan},
      year={2017},
      eprint={1610.01983},
      archivePrefix={arXiv},
      primaryClass={cs.CV}
}






@INPROCEEDINGS{lidar_aug,
  author={Fang, Jin and Zuo, Xinxin and Zhou, Dingfu and Jin, Shengze and Wang, Sen and Zhang, Liangjun},
  booktitle={2021 IEEE/CVF Conference on Computer Vision and Pattern Recognition (CVPR)}, 
  title={{LiDAR-Aug: A General Rendering-based Augmentation Framework for 3D Object Detection}}, 
  year={2021},
  volume={},
  number={},
  pages={4708-4718},
  keywords={Training;Three-dimensional displays;Laser radar;Neural networks;Training data;Object detection;Detectors},
  doi={10.1109/CVPR46437.2021.00468}}


@article{x_in_loop_test_compare,
author = {Park, Changwoo and Chung, Seunghwan and Lee, Hyeongcheol},
year = {2020},
month = {04},
pages = {2645},
title = {Vehicle-in-the-Loop in Global Coordinates for Advanced Driver Assistance System},
volume = {10},
journal = {Applied Sciences},
doi = {10.3390/app10082645}
}

@inproceedings{Dosovitskiy17,
  title = { CARLA: An Open Urban Driving Simulator},
  author = {Alexey Dosovitskiy and German Ros and Felipe Codevilla and Antonio Lopez and Vladlen Koltun},
  booktitle = {Proceedings of the 1st Annual Conference on Robot Learning},
  pages = {1--16},
  year = {2017}
}

@online{cruise_crash,
    author = {Mario Herger},
    title = {Cruise Pusblishes Crash Report},
    year = {2024},
    url = {https://thelastdriverlicenseholder.com/2024/01/25/cruise-publishes-crash-report/},
    note = {[accessed 01 February 2024]}
}


@online{normal_estimation,
    author = {Robert platt},
    title = {Point Cloud Processing},
    year = {2016},
    url = {https://thelastdriverlicenseholder.com/2024/01/25/cruise-publishes-crash-report/},
    organization = {Northeastern University},
    note = {[accessed 01 February 2024]}
}


@online{disengagement_report,
    author = {Department of Motor Vehicles, State of California},
    title = {Disengagement Reports},
    year = {2023},
    url = {https://www.dmv.ca.gov/portal/vehicle-industry-services/autonomous-vehicles/disengagement-reports/},
    note = {[accessed 11 February 2024]}
}

@online{velodyne_64,
    author = {Hyper-Tech Advanced Systems Ltd Hyper-Tech},
    title = {Velodyne HDL-64E Datasheet},
    year = {2014},
    url = {https://hypertech.co.il/wp-content/uploads/2015/12/HDL-64E-Data-Sheet.pdf},
    note = {[accessed 03 February 2024]}
}


@ARTICLE{survey_scenario,
  author={Riedmaier, Stefan and Ponn, Thomas and Ludwig, Dieter and Schick, Bernhard and Diermeyer, Frank},
  journal={IEEE Access}, 
  title={Survey on Scenario-Based Safety Assessment of Automated Vehicles}, 
  year={2020},
  volume={8},
  number={},
  pages={87456-87477},
  keywords={Safety;Testing;Bibliographies;Vehicles;Microscopy;Taxonomy;Automation;Automated vehicles;autonomous vehicles;data analysis;formal verification;intelligent vehicles;key performance indicators;simulation;vehicle safety},
  doi={10.1109/ACCESS.2020.2993730}}



@INPROCEEDINGS{bagschik2018ontology,
  author={Bagschik, Gerrit and Menzel, Till and Maurer, Markus},
  booktitle={2018 IEEE Intelligent Vehicles Symposium (IV)}, 
  title={Ontology based Scene Creation for the Development of Automated Vehicles}, 
  year={2018},
  volume={},
  number={},
  pages={1813-1820},
  keywords={Ontologies;Safety;Knowledge based systems;OWL;Semantics;Task analysis;Databases},
  doi={10.1109/IVS.2018.8500632}}



@article{menzel2018scenarios,
  title={Scenarios for Development, Test and Validation of Automated Vehicles},
  author={Till Menzel and Gerrit Bagschik and Markus Maurer},
  journal={2018 IEEE Intelligent Vehicles Symposium (IV)},
  year={2018},
  pages={1821-1827},
  url={https://api.semanticscholar.org/CorpusID:13905150}
}

@INPROCEEDINGS{def_scene,
  author={Ulbrich, Simon and Menzel, Till and Reschka, Andreas and Schuldt, Fabian and Maurer, Markus},
  booktitle={2015 IEEE 18th International Conference on Intelligent Transportation Systems}, 
  title={Defining and Substantiating the Terms Scene, Situation, and Scenario for Automated Driving}, 
  year={2015},
  volume={},
  number={},
  pages={982-988},
  keywords={Vehicles;Observers;Context modeling;Planning;Vehicle dynamics;Roads;Systems architecture},
  doi={10.1109/ITSC.2015.164}}



@InProceedings{zero_domain_gap,
    author    = {Manivasagam, Sivabalan and B\^arsan, Ioan Andrei and Wang, Jingkang and Yang, Ze and Urtasun, Raquel},
    title     = {Towards Zero Domain Gap: A Comprehensive Study of Realistic LiDAR Simulation for Autonomy Testing},
    booktitle = {Proceedings of the IEEE/CVF International Conference on Computer Vision (ICCV)},
    year      = {2023},
    pages     = {8272-8282}
}


@misc{care_real_and_syn_gap,
      title={Bridging the Sim2Real gap with CARE: Supervised Detection Adaptation with Conditional Alignment and Reweighting}, 
      author={Viraj Prabhu and David Acuna and Andrew Liao and Rafid Mahmood and Marc T. Law and Judy Hoffman and Sanja Fidler and James Lucas},
      year={2023},
      eprint={2302.04832},
      archivePrefix={arXiv},
      primaryClass={cs.CV}
}


@ARTICLE{sauerbeck_learn_Year,
  author={Sauerbeck, Florian and Huch, Sebastian and Fent, Felix and Karle, Phillip and Kulmer, Dominik and Betz, Johannes},
  journal={IEEE Access}, 
  title={Learn to See Fast: Lessons Learned From Autonomous Racing on How to Develop Perception Systems}, 
  year={2023},
  volume={11},
  number={},
  pages={44034-44050},
  keywords={Autonomous vehicles;Robot sensing systems;Software development management;Cameras;Hardware;Object detection;Automobiles;Autonomous racing;autonomous vehicles;perception systems;software development},
  doi={10.1109/ACCESS.2023.3272750}}



@INPROCEEDINGS{ad_test_2016,
  author={Huang, WuLing and Kunfeng Wang and Yisheng Lv and FengHua Zhu},
  booktitle={2016 IEEE 19th International Conference on Intelligent Transportation Systems (ITSC)}, 
  title={Autonomous vehicles testing methods review}, 
  year={2016},
  volume={},
  number={},
  pages={163-168},
  keywords={Testing;Autonomous vehicles;Sensors;Safety;Computer architecture;Planning},
  doi={10.1109/ITSC.2016.7795548}}


@Article{park2023automotive,
AUTHOR = {Park, Jewoo and Cho, Jihyuk and Lee, Seungjoo and Bak, Seokhwan and Kim, Yonghwi},
TITLE = {An Automotive LiDAR Performance Test Method in Dynamic Driving Conditions},
JOURNAL = {Sensors},
VOLUME = {23},
YEAR = {2023},
NUMBER = {8},
ARTICLE-NUMBER = {3892},
URL = {https://www.mdpi.com/1424-8220/23/8/3892},
PubMedID = {37112234},
ISSN = {1424-8220},
DOI = {10.3390/s23083892}
}


@inproceedings{behley2019semantickitti,
  author = {J. Behley and M. Garbade and A. Milioto and J. Quenzel and S. Behnke and C. Stachniss and J. Gall},
  title = {{SemanticKITTI A Dataset for Semantic Scene Understanding of LiDAR Sequences}},
  booktitle = {Proc. of the IEEE/CVF International Conf.~on Computer Vision (ICCV)},
  year = {2019}
}


@online{papers-with-code,
    author = {PapersWithCode},
    title = {3D Semantic Segmentation},
    year = {2023},
    url = {https://paperswithcode.com/task/3d-semantic-segmentation},
    note = {[accessed 05 February 2024]}
}


@inproceedings{Geiger2012CVPR,
  author = {A. Geiger and P. Lenz and R. Urtasun},
  title = {{Are we ready for Autonomous Driving? The KITTI Vision Benchmark Suite}},
  booktitle = {Proc.~of the IEEE Conf.~on Computer Vision and Pattern Recognition (CVPR)},
  pages = {3354--3361},
  year = {2012}
}



@online{stanford-lidar,
  author       = {Reza Nasiri Mahalati},
  title        = {Light Detection and Ranging (Lidar) - EE259 Principles of Sensing for Autonomy},
  year         = {2023},
  url          = {https://web.stanford.edu/class/ee259/lectures/ee259_05_lidar.pdf},
  organization = {Stanford University},
  note = {[accessed 01 February 2024]}
}


@article{mehra_visibility_XXXX,
title = {Visibility of noisy point cloud data},
journal = {Computers and Graphics},
volume = {34},
number = {3},
pages = {219-230},
year = {2010},
note = {Shape Modelling International (SMI) Conference 2010},
issn = {0097-8493},
doi = {https://doi.org/10.1016/j.cag.2010.03.002},
url = {https://www.sciencedirect.com/science/article/pii/S0097849310000397},
author = {Ravish Mehra and Pushkar Tripathi and Alla Sheffer and Niloy J. Mitra},
keywords = {Computer graphics, Point cloud, Visibility, Line and curve generation, Surface reconstruction, Noise smoothing}
}


@article{kazhdan2006poisson,
  title={Poisson Surface Reconstruction},
  author={Michael Kazhdan, Matthew Bolitho and Hugues Hoppe},
  journal={Eurographics Symposium on Geometry Processing },
  year={2006}
}



@ARTICLE{bernardini1999ball,
  author={Bernardini, F. and Mittleman, J. and Rushmeier, H. and Silva, C. and Taubin, G.},
  journal={IEEE Transactions on Visualization and Computer Graphics}, 
  title={The ball-pivoting algorithm for surface reconstruction}, 
  year={1999},
  volume={5},
  number={4},
  pages={349-359},
  keywords={Surface reconstruction;Image reconstruction;Shape;Three-dimensional displays;Sampling methods;Geometrical optics;Product design;Data acquisition},
  doi={10.1109/2945.817351}}



@online{alpha_shapes_stanford,
  title={Introduction to Alpha Shapes},
  author={Kaspar Fischer},
  year={2011},
  url={https://graphics.stanford.edu/courses/cs268-11-spring/handouts/AlphaShapes/as_fisher.pdf},
  organization={Stanford University},
  note = {[accessed 03 February 2024]}
}

@ARTICLE{edelsbrunner1983shape,
  author={Edelsbrunner, H. and Kirkpatrick, D. and Seidel, R.},
  journal={IEEE Transactions on Information Theory}, 
  title={On the shape of a set of points in the plane}, 
  year={1983},
  volume={29},
  number={4},
  pages={551-559},
  keywords={},
  doi={10.1109/TIT.1983.1056714}}

@article{pauly2002efficient,
  title={Efficient simplification of point-sampled surfaces},
  author={Mark Pauly and Markus H. Gross and Leif Kobbelt},
  journal={IEEE Visualization, 2002. VIS 2002.},
  year={2002},
  pages={163-170},
  url={https://api.semanticscholar.org/CorpusID:14952977}
}





@phdthesis{rusu2009semantic,
  title={Semantic 3D object maps for everyday manipulation in human living environments},
  author={Rusu, Radu Bogdan},
  year={2009},
  school={Computer Science department, Technische Universit{\"a}t M{\"u}nchen, Germany}
}


@article{lee2002perceptual,
author = {Lee, Impyeong and Schenk, Anton},
year = {2002},
month = {01},
pages = {},
title = {Perceptual organization of 3D surface points},
volume = {34},
journal = {International Archives of Photogrammetry, Remote Sensing and Spatial Information Sciences}
}


@article{weinmann2013feature,
  title={Feature relevance assessment for the semantic interpretation of 3D point cloud data},
  author={Martin Weinmann and Boris Jutzi and Cl{\'e}ment Mallet},
  journal={ISPRS Annals of the Photogrammetry, Remote Sensing and Spatial Information Sciences},
  year={2013},
  pages={313-318},
  url={https://api.semanticscholar.org/CorpusID:62132969}
}

@misc{Chen2022,
      title={Point Transformer V3: Simpler, Faster, Stronger}, 
      author={Xiaoyang Wu and Li Jiang and Peng-Shuai Wang and Zhijian Liu and Xihui Liu and Yu Qiao and Wanli Ouyang and Tong He and Hengshuang Zhao},
      year={2023},
      eprint={2312.10035},
      archivePrefix={arXiv},
      primaryClass={cs.CV}
}


@article{kazhdan2006,
  title={Poisson Surface Reconstruction},
  author={Michael Kazhdan, Matthew Bolitho and Hugues Hoppe},
  journal={Eurographics Symposium on Geometry Processing },
  year={2006}
}

@inproceedings{katz2007,
author = {Katz, Sagi and Tal, Ayellet and Basri, Ronen},
year = {2007},
month = {07},
pages = {},
title = {Direct visibility of point sets},
volume = {26},
journal = {ACM Transactions on Graphics},
doi = {10.1145/1275808.1276407}
}

@inproceedings{x_in_loop,
author = {Riedmaier, Stefan and Nesensohn, Jonas and Gutenkunst, Christian and Düser, Tobias and Schick, Bernhard and Abdellatif, Houssem},
year = {2018},
month = {05},
pages = {},
title = {Validation of X-in-the-Loop Approaches for Virtual Homologation of Automated Driving Functions}
}



@Comment{jabref-meta: databaseType:bibtex;}
